@BOOK {1,
	author    = {NASA},
	title     = {Ranger 7 photographs of the moon},
	publisher = {NASA  Series Publications},
	year      = {1964 - 1965},
	series    = {SP-61, SP-62, and SP-63},
	address   = {Washington, D.C.},
	month     = sep,
}

@article{2,
	title = "Diagnosis and localization of pheochromocytoma",
	journal = "The American Journal of Medicine",
	volume = "67",
	number = "1",
	pages = "21 - 26",
	year = "1979",
	note = "",
	issn = "0002-9343",
	doi = "http://dx.doi.org/10.1016/0002-9343(79)90064-0",
	url = "http://www.sciencedirect.com/science/article/pii/0002934379900640",
	author = "Arunabha Ganguly and David P. Henry and Heun Y. Yune and J.Howard Pratt and C.E. Grim and John P. Donohue and Myron H. Weinberger",
	
}

@book{3,
	author = {Stockman, George and Shapiro, Linda G.},
	title = {Computer Vision},
	year = {2001},
	isbn = {0130307963},
	edition = {1st},
	publisher = {Prentice Hall PTR},
	address = {Upper Saddle River, NJ, USA},
}

@article{4,
	author = {Couprie, Camille and Farabet, Cl{\'e}ment and Najman, Laurent and LeCun, Yann},
	title = {Convolutional Nets and Watershed Cuts for Real-time Semantic Labeling of RGBD Videos},
	journal = {J. Mach. Learn. Res.},
	issue_date = {January 2014},
	volume = {15},
	number = {1},
	month = jan,
	year = {2014},
	issn = {1532-4435},
	pages = {3489--3511},
	numpages = {23},
	url = {http://dl.acm.org/citation.cfm?id=2627435.2697077},
	acmid = {2697077},
	publisher = {JMLR.org},
	keywords = {convolutional networks, deep learning, depth information, optimization, superpixels},
} 

@article{5,
	title = "Parameter optimization of improved fuzzy c-means clustering algorithm for brain \{MR\} image segmentation ",
	journal = "Engineering Applications of Artificial Intelligence ",
	volume = "23",
	number = "2",
	pages = "160 - 168",
	year = "2010",
	note = "",
	issn = "0952-1976",
	doi = "http://dx.doi.org/10.1016/j.engappai.2009.10.002",
	url = "http://www.sciencedirect.com/science/article/pii/S095219760900150X",
	author = "Mohamad Forouzanfar and Nosratallah Forghani and Mohammad Teshnehlab",
	keywords = "Magnetic resonance imaging (MRI)",
	keywords = "Image segmentation",
	keywords = "Genetic algorithms (GAs)",
	keywords = "Particle swarm optimization (PSO)",
	keywords = "Breeding swarm (BS) "
}

@INPROCEEDINGS{6, 
	author={Ming-Hsuan Yang and N. Ahuja}, 
	booktitle={Image Processing, 1998. ICIP 98. Proceedings. 1998 International Conference on}, 
	title={Detecting human faces in color images}, 
	year={1998}, 
	volume={1}, 
	pages={127-130 vol.1}, 
	keywords={face recognition;image colour analysis;image segmentation;statistical analysis;chromatic properties;color images;experimental results;eyes;face recognition;facial features;homogeneous regions;human faces detection;human skin color model;merged region;mouth;multisacle transform;multiscale segmentation;multivariate statistical analysis;nonskin color;orientation;postprocessing;size;skin color regions;viewpoint;Eyes;Face detection;Facial features;Humans;Image color analysis;Image segmentation;Mouth;Shape;Skin;Statistical analysis}, 
	doi={10.1109/ICIP.1998.723442}, 
	month={Oct},}

@article{7,
	author = {Ozden, Mustafa and Polat, Ediz},
	title = {{A Color Image Segmentation Approach for Content-based Image Retrieval}},
	journal = {Pattern Recogn.},
	issue_date = {April, 2007},
	volume = {40},
	number = {4},
	month = apr,
	year = {2007},
	issn = {0031-3203},
	pages = {1318--1325},
	numpages = {8},
	url = {http://dx.doi.org/10.1016/j.patcog.2006.08.013},
	doi = {10.1016/j.patcog.2006.08.013},
	acmid = {1223385},
	publisher = {Elsevier Science Inc.},
	address = {New York, NY, USA},
	keywords = {Discrete wavelet frames, Image segmentation, Mean-shift algorithm, Texture segmentation},
} 

@misc{8,
	author={{Microsoft Corp.}},
	title = {{Microsft Kinect} hardware specifications},
	howpublished = {\url{https://developer.microsoft.com/en-us/windows/kinect/hardware}},
	note = {Accessed: 2016-09-30},
}


@misc{9,
	author={{Intel Corp.}},
	title = {{OpenCV} online documentation},
	howpublished = {\url{http://opencv.org}},
	note = {Accessed: 2016-10-04},
}

@article{10,
	title = "Image segmentation by histogram thresholding using hierarchical cluster analysis ",
	journal = "Pattern Recognition Letters ",
	volume = "27",
	number = "13",
	pages = "1515 - 1521",
	year = "2006",
	note = "",
	issn = "0167-8655",
	doi = "http://dx.doi.org/10.1016/j.patrec.2006.02.022",
	url = "http://www.sciencedirect.com/science/article/pii/S0167865506000699",
	author = "Agus Zainal Arifin and Akira Asano",
	keywords = "Image thresholding",
	keywords = "Clustering",
	keywords = "Inter-class variance",
	keywords = "Intra-class variance "
}

@misc{11,
	author = {Xiaofeng Ren},
	title = {{Superpixel: Empirical Studies and Applications}},
	howpublished = {\url{http://ttic.uchicago.edu/~xren/research/superpixel/}},
	note = {Accessed: 2016-11-17},
}

@INPROCEEDINGS{12, 
	author={Zhengqin Li and Jiansheng Chen}, 
	booktitle={2015 IEEE Conference on Computer Vision and Pattern Recognition (CVPR)}, 
	title={Superpixel segmentation using {Linear Spectral Clustering}}, 
	year={2015}, 
	pages={1356-1363}, 
	keywords={computational complexity;image segmentation;iterative methods;optimisation;pattern clustering;LSC;cost function optimization;iterative method;k-means clustering;kernel function;linear computational complexity;linear spectral clustering;objective function;similarity metric;superpixel segmentation;Clustering algorithms;Complexity theory;Image color analysis;Image segmentation;Kernel;Linear programming;Measurement}, 
	doi={10.1109/CVPR.2015.7298741}, 
	ISSN={1063-6919}, 
	month={June},}

@article{13,
	author = {Asha Jenifer and N. R. Raajan},
	title = { {Superpixel Based K-MEANS clustering on Chemical Bonding Structure Analysis}},
	journal = {Rasayan J. Chem.},
	issue_date = {2008},
	volume = {8},
	number = {1},
	month = jan,
	year = {2015},
	issn = {0976-0083},
	pages = {105--108},
	numpages = {4},
}

@inproceedings{14,
	title={{Image Segmentation Using K-means Clustering, Em and Normalized Cuts}},
	author={Suman Tatiraju and Avi Mehta},
	year={2008}
}

@ARTICLE{15, 
	author={R. Achanta and A. Shaji and K. Smith and A. Lucchi and P. Fua and S. Süsstrunk}, 
	journal={IEEE Transactions on Pattern Analysis and Machine Intelligence}, 
	title={{SLIC Superpixels Compared to State-of-the-Art Superpixel Methods}}, 
	year={2012}, 
	volume={34}, 
	number={11}, 
	pages={2274-2282}, 
	keywords={computer vision;image segmentation;iterative methods;pattern clustering;SLIC superpixels;computer vision;image boundary;k-means clustering approach;memory efficiency;segmentation performance;simple linear iterative clustering;superpixel generation;supervoxel generation;Approximation algorithms;Clustering algorithms;Complexity theory;Image color analysis;Image edge detection;Image segmentation;Measurement uncertainty;Superpixels;clustering;k-means;segmentation;Algorithms;Image Enhancement;Image Interpretation, Computer-Assisted;Pattern Recognition, Automated;Reproducibility of Results;Sensitivity and Specificity;Signal Processing, Computer-Assisted}, 
	doi={10.1109/TPAMI.2012.120}, 
	ISSN={0162-8828}, 
	month={Nov},}

@article{16,
	author = {Shi, Jianbo and Malik, Jitendra},
	title = {Normalized Cuts and Image Segmentation},
	journal = {IEEE Trans. Pattern Anal. Mach. Intell.},
	issue_date = {August 2000},
	volume = {22},
	number = {8},
	month = aug,
	year = {2000},
	issn = {0162-8828},
	pages = {888--905},
	numpages = {18},
	url = {http://dx.doi.org/10.1109/34.868688},
	doi = {10.1109/34.868688},
	acmid = {351611},
	publisher = {IEEE Computer Society},
	address = {Washington, DC, USA},
	keywords = {Grouping, image segmentation, graph partitioning.},
}

@inproceedings{17,
	author = {Van den Bergh, Michael and Boix, Xavier and Roig, Gemma and de Capitani, Benjamin and Van Gool, Luc},
	title = {SEEDS: Superpixels Extracted via Energy-driven Sampling},
	booktitle = {Proceedings of the 12th European Conference on Computer Vision - Volume Part VII},
	series = {ECCV'12},
	year = {2012},
	isbn = {978-3-642-33785-7},
	location = {Florence, Italy},
	pages = {13--26},
	numpages = {14},
	url = {http://dx.doi.org/10.1007/978-3-642-33786-4_2},
	doi = {10.1007/978-3-642-33786-4_2},
	acmid = {2403275},
	publisher = {Springer-Verlag},
	address = {Berlin, Heidelberg},
	keywords = {segmentation, superpixels},
}

@ARTICLE{18, 
	author={S. Zhu and D. Cao and S. Jiang and Y. Wu and P. Hu}, 
	journal={Electronics Letters}, 
	title={Fast superpixel segmentation by iterative edge refinement}, 
	year={2015}, 
	volume={51}, 
	number={3}, 
	pages={230-232}, 
	keywords={image resolution;image segmentation;iterative methods;Berkeley BSDS500 dataset;IER;Intel i3 CPU;edge pixels;fast superpixel segmentation method;iterative edge refinement;iterative process;unstable pixels}, 
	doi={10.1049/el.2014.3379}, 
	ISSN={0013-5194}, 
	month={},
}

@ARTICLE{19, 
	author={J. Shen and X. Hao and Z. Liang and Y. Liu and W. Wang and L. Shao}, 
	journal={IEEE Transactions on Image Processing}, 
	title={Real-Time Superpixel Segmentation by DBSCAN Clustering Algorithm}, 
	year={2016}, 
	volume={25}, 
	number={12}, 
	pages={5933-5942}, 
	keywords={distance measurement;feature extraction;geometry;image colour analysis;image resolution;image segmentation;pattern clustering;DBSCAN clustering algorithm;color features;color-similarity;density-based spatial clustering of application with noise;distance measurement;geometric restrictions;real-time image super-pixel segmentation method;real-time superpixel segmentation;spatial features;Clustering algorithms;Computational efficiency;Image color analysis;Image segmentation;Optimization;Real-time systems;Shape;DBSCAN;Real-time;segmentation;superpixel}, 
	doi={10.1109/TIP.2016.2616302}, 
	ISSN={1057-7149}, 
	month={Dec},
}

@INPROCEEDINGS{20,
	author = {Martin Ester and Hans-Peter Kriegel and Jörg Sander and Xiaowei Xu},
	title = {A density-based algorithm for discovering clusters in large spatial databases with noise},
	booktitle = {{Proc. 2nd Int. Conf. Knowl. Discovery Data Mining (KDD)}},
	year = {1996},
	pages = {226--231},
	publisher = {AAAI Press}
}

@misc{21,
	author = {David Stutz and Alexander Hermans and Bastian Leibe},
	title = {Superpixel Segmentation using Depth Information},
	month = {September},
	year = {2014},
	institution = {RWTH Aachen University},
	address = {Aachen, Germany},
	howpublished = {http://davidstutz.de/},
}

@INPROCEEDINGS{22, 
	author={D. Weikersdorfer and D. Gossow and M. Beetz}, 
	booktitle={Proceedings of the 21st International Conference on Pattern Recognition (ICPR2012)}, 
	title={Depth-adaptive superpixels}, 
	year={2012}, 
	pages={2087-2090}, 
	keywords={graph theory;image colour analysis;image segmentation;spectral analysis;3D geometry;DASP;RGB-D images;depth-adaptive superpixels;image segmentation algorithms;pixel oversegmentation technique;spectral graph theory;state-of-the-art oversegmentation;uniform distribution;visible surface;Cameras;Clustering algorithms;Geometry;Image color analysis;Image edge detection;Image segmentation;Runtime}, 
	ISSN={1051-4651}, 
	month={Nov},}

@incollection{23,
	title = {{Superpixel Segmentation: An Evaluation}},
	author = {Stutz, David},
	year = {2015},
	isbn = {978-3-319-24946-9},
	booktitle = {Pattern Recognition},
	volume = {9358},
	series = {Lecture Notes in Computer Science},
	editor = {Gall, Juergen and Gehler, Peter and Leibe, Bastian},
	doi = {10.1007/978-3-319-24947-6_46},
	publisher = {Springer International Publishing},
	pages = {555 -- 562},
}

@InProceedings{24,
	author = {D. Martin and C. Fowlkes and D. Tal and J. Malik},
	title = {{A Database of Human Segmented Natural Images and its
	Application to Evaluating Segmentation Algorithms and
	Measuring Ecological Statistics}},
	booktitle = {Proc. 8th Int'l Conf. Computer Vision},
	year = {2001},
	month = {July},
	volume = {2},
	pages = {416--423}
}